<record><leader>00000cas a22000007a 4500</leader><controlfield tag="001">13489240</controlfield><controlfield tag="008">860424d195619uumtuwr ne      0    0eng d</controlfield><datafield ind1=" " ind2=" " tag="010"><subfield code="a">sn 86075146 </subfield></datafield><datafield ind1=" " ind2=" " tag="040"><subfield code="a">MTL</subfield><subfield code="b">eng</subfield><subfield code="c">MTL</subfield><subfield code="d">OCLCQ</subfield></datafield><datafield ind1=" " ind2=" " tag="042"><subfield code="a">msc</subfield></datafield><datafield ind1="0" ind2=" " tag="130"><subfield code="a">News-herald (Fromberg, Mont.)</subfield></datafield><datafield ind1="1" ind2="0" tag="245"><subfield code="a">News-herald.</subfield></datafield><datafield ind1="3" ind2="0" tag="246"><subfield code="a">Twin Valley news-The Fromberg herald</subfield></datafield><datafield ind1=" " ind2=" " tag="260"><subfield code="a">Fromberg, Mont. :</subfield><subfield code="b">B. Dorn and B. Bundy,</subfield><subfield code="c">1956-</subfield></datafield><datafield ind1=" " ind2=" " tag="300"><subfield code="a">v. :</subfield><subfield code="b">ill.</subfield></datafield><datafield ind1=" " ind2=" " tag="310"><subfield code="a">Weekly</subfield></datafield><datafield ind1="0" ind2=" " tag="362"><subfield code="a">Vol. 49, no. 10 (Aug. 16, 1956)-</subfield></datafield><datafield ind1="1" ind2=" " tag="362"><subfield code="a">Ceased by 1958</subfield><subfield code="z">Cf. Montana newspaper directory, 1958.</subfield></datafield><datafield ind1=" " ind2=" " tag="580"><subfield code="a">Formed by the union of: Fromberg herald, and: Twin Valley news [non-extant].</subfield></datafield><datafield ind1=" " ind2=" " tag="752"><subfield code="a">United States</subfield><subfield code="b">Montana</subfield><subfield code="c">Carbon</subfield><subfield code="d">Fromberg.</subfield></datafield><datafield ind1="1" ind2="4" tag="780"><subfield code="t">Fromberg herald</subfield><subfield code="w">(DLC)sn 86075147</subfield></datafield><datafield ind1="1" ind2="4" tag="780"><subfield code="t">Twin Valley news non-extant</subfield></datafield><datafield ind1="1" ind2=" " tag="029"><subfield code="a">AU@</subfield><subfield code="b">000023602643</subfield></datafield></record>